[gd_scene load_steps=6 format=2]

[ext_resource path="res://panels/texta_panel.tscn" type="PackedScene" id=1]
[ext_resource path="res://assets/fonts/courier_prime/CourierPrime-Bold.ttf" type="DynamicFontData" id=2]
[ext_resource path="res://panels/yarn_panel/yarn_panel.gd" type="Script" id=3]
[ext_resource path="res://addons/yarn_loader/yarn_player.gd" type="Script" id=4]

[sub_resource type="DynamicFont" id=1]
size = 32
use_mipmaps = true
use_filter = true
extra_spacing_top = 3
font_data = ExtResource( 2 )

[node name="YarnPanel" instance=ExtResource( 1 )]
anchor_right = 1.0
anchor_bottom = 1.0
margin_right = 0.0
margin_bottom = 0.0
script = ExtResource( 3 )
title = "story"

[node name="Label" parent="LabelPivot" index="0"]
text = "story"

[node name="ScrollContainer" type="ScrollContainer" parent="." index="1"]
margin_left = 32.0
margin_top = 32.0
margin_right = 1888.0
margin_bottom = 1048.0
rect_min_size = Vector2( 1376, 1016 )
follow_focus = true
scroll_horizontal_enabled = false
__meta__ = {
"_edit_use_anchors_": false
}

[node name="VBoxContainer" type="VBoxContainer" parent="ScrollContainer" index="0"]
margin_right = 1856.0
margin_bottom = 1016.0
rect_min_size = Vector2( 0, 1016 )
size_flags_horizontal = 3
custom_constants/separation = 16

[node name="Spacer" type="Control" parent="ScrollContainer/VBoxContainer" index="0"]
margin_right = 1856.0
margin_bottom = 1016.0
size_flags_vertical = 3

[node name="Indicator" type="Label" parent="." index="2"]
visible = false
margin_left = 32.0
margin_top = 32.0
margin_right = 1888.0
margin_bottom = 1048.0
size_flags_horizontal = 3
size_flags_vertical = 3
custom_fonts/font = SubResource( 1 )
custom_colors/font_color = Color( 1, 1, 1, 1 )
text = "->"
align = 2
valign = 2
__meta__ = {
"_edit_use_anchors_": false
}

[node name="Clicker" type="ToolButton" parent="." index="3"]
margin_left = 32.0
margin_top = 32.0
margin_right = 1888.0
margin_bottom = 1048.0
focus_mode = 0
action_mode = 0

[node name="YarnPlayer" type="Node" parent="." index="4"]
script = ExtResource( 4 )
[connection signal="pressed" from="Clicker" to="." method="_on_Clicker_pressed"]
[connection signal="command_triggered" from="YarnPlayer" to="." method="_on_YarnPlayer_command_triggered"]
[connection signal="dialogue_triggered" from="YarnPlayer" to="." method="_on_YarnPlayer_dialogue_triggered"]
[connection signal="options_shown" from="YarnPlayer" to="." method="_on_YarnPlayer_options_shown"]
